@ARTICLE{MotClef1,
author = "Liste des auteurs 1",
title = "Titre de la publication 1",
journal = "Nom du journal",
year = "2004",
volume = "19",
number = "2",
}

@ARTICLE{MotClef2,
author = "Liste des auteurs 2",
title = "Titre de la publication 2",
journal = "Nom du journal",
year = "2004",
volume = "29",
number = "2",
}

@ARTICLE{MotClef3,
author = "Liste des auteurs 3",
title = "Titre de la publication 3",
journal = "Nom du journal",
year = "2004",
volume = "39",
number = "2",
}

@ARTICLE{MotClef4,
author = "Liste des auteurs 4",
title = "Titre de la publication 4",
journal = "Nom du journal",
year = "2004",
volume = "49",
number = "2",
}
