@ARTICLE{
	BORTZMEYER,
	author = "Stéphane Bortzmeyer",
	title = "Lier une prise à IPv6 seulement ou bien aux deux familles, v4 et v6 ?",
	year = "2010"
}
@ARTICLE{GIT,
	author = "Scott Chacon",
	title = "Pro Git",
	year = "2009"
}
